@inproceedings{Brasil:2011:BBR,
  title={Brasil: basic resource aggregation system infrastructure layer},
  author={Van Hensbergen, E. and Shinde, P. and Evans, N.},
  booktitle={Proceedings of the 1st International Workshop on Runtime and Operating Systems for Supercomputers},
  pages={73--80},
  year={2011},
  organization={ACM}
}

@mastersthesis{Pravin:2010:XWD,
  author={Shinde, Pravin},
  title={XCPU3: Workload Distribution and Aggregation},
  school={Vrije Universiteit, Amsterdam},
  address={the Netherlands},
  year ={2010},
}
