@inproceedings{Brasil:2011,
  title={Brasil: basic resource aggregation system infrastructure layer},
  author={Van Hensbergen, E. and Shinde, P. and Evans, N.},
  booktitle={Proceedings of the 1st International Workshop on Runtime and Operating Systems for Supercomputers},
  pages={73--80},
  year={2011},
  organization={ACM}
}

@article{HPD:2002,
  title={A spatially explicit hierarchical approach to modeling complex ecological systems: theory and applications},
  author={Wu, J. and David, J.L.},
  journal={Ecological Modelling},
  volume={153},
  number={1-2},
  pages={7--26},
  year={2002},
  publisher={Elsevier}
}

